<?xml version="1.0" encoding="UTF-8"?>
<collection xmlns:xsi="http://www.w3.org/2001/XMLSchema-instance" xsi:schemaLocation="http://www.loc.gov/MARC21/slim http://www.loc.gov/standards/marcxml/schema/MARC21slim.xsd" xmlns="http://www.loc.gov/MARC21/slim">
<record>
  <leader>00764cam a2200229   4500</leader>
  <controlfield tag="001">3265731</controlfield>
  <controlfield tag="003">NNC</controlfield>
  <controlfield tag="005">20130426154530.0</controlfield>
  <controlfield tag="008">790215s1934    ae            000 0 ara d</controlfield>
  <datafield tag="035" ind1=" " ind2=" ">
    <subfield code="a">(OCoLC)ocm04656076</subfield>
  </datafield>
  <datafield tag="035" ind1=" " ind2=" ">
    <subfield code="9">AUP1945CU</subfield>
  </datafield>
  <datafield tag="035" ind1=" " ind2=" ">
    <subfield code="a">(NNC)3265731</subfield>
  </datafield>
  <datafield tag="040" ind1=" " ind2=" ">
    <subfield code="a">CLE</subfield>
    <subfield code="c">CLE</subfield>
    <subfield code="d">OCLCQ</subfield>
    <subfield code="d">ZCU</subfield>
  </datafield>
  <datafield tag="099" ind1=" " ind2=" ">
    <subfield code="a">893.718</subfield>
    <subfield code="a">C16</subfield>
  </datafield>
  <datafield tag="100" ind1="1" ind2=" ">
    <subfield code="a">Canard, Marius,</subfield>
    <subfield code="e">editor.</subfield>
  </datafield>
  <datafield tag="245" ind1="1" ind2="0">
    <subfield code="a">Sayf al Daula;</subfield>
    <subfield code="b">recueil de textes relatifs à l'émir Sayf al Daula le Hamdanide, avec annotations.</subfield>
  </datafield>
  <datafield tag="260" ind1=" " ind2=" ">
    <subfield code="a">Alger,</subfield>
    <subfield code="b">J. Carbonel,</subfield>
    <subfield code="c">1934.</subfield>
  </datafield>
  <datafield tag="300" ind1=" " ind2=" ">
    <subfield code="a">484, [4] p.</subfield>
    <subfield code="b">maps (2 fold.)</subfield>
  </datafield>
  <datafield tag="490" ind1="1" ind2=" ">
    <subfield code="a">Bibliotheca arabica,</subfield>
    <subfield code="v">8</subfield>
  </datafield>
  <datafield tag="600" ind1="1" ind2="0">
    <subfield code="a">Sayf al-Dawlah al-Ḥamdānī, ʻAlī ibn ʻAbd Allāh,</subfield>
    <subfield code="d">916-967.</subfield>
  </datafield>
  <datafield tag="830" ind1=" " ind2="0">
    <subfield code="a">Maktabah al-ʻArabīyah (Cairo, Egypt) ;</subfield>
    <subfield code="v">8.</subfield>
  </datafield>
  <datafield tag="955" ind1=" " ind2=" ">
    <subfield code="b">CU58982981</subfield>
    <subfield code="d">off,glx</subfield>
    <subfield code="e">893.718 C16</subfield>
  </datafield>
</record>
</collection>